
@misc{noauthor_neural_nodate,
	title = {Neural {Networks} and {Deep} {Learning} - {Home}},
	url = {https://www.coursera.org/learn/neural-networks-deep-learning/home/welcome},
	abstract = {If you want to break into cutting-edge AI, this course will help you do so. Deep learning engineers are highly sought after, and mastering deep learning will give you numerous new career opportunities. Deep learning is also a new "superpower" ...},
	language = {en},
	urldate = {2018-08-20},
	journal = {Coursera},
	file = {Snapshot:/Users/anjalikarimpil/Zotero/storage/YI2EZXEJ/welcome.html:text/html}
}

@book{goodfellow_deep_2016,
	title = {Deep {Learning}},
	publisher = {MIT Press},
	author = {Goodfellow, Ian and Bengio, Yoshua and Courville, Aaron},
	year = {2016}
}